@Misc{kathara-wiki,
	key =					 {kathara},
	OPTauthor =			 {},
	title =				 {Kathar\'a Wiki},
	howpublished = "\url{https://github.com/KatharaFramework/Kathara/wiki}",
	OPTmonth = 		 {},
	OPTyear = 		 {},
	note =				 {accessed on 9-sep-2019},
	OPTannote = 	 {}
}

@Misc{its-policies,
	key =					 {university},
	author =			 {University of Lethbridge},
	title =				 {Information Technology Services Policies},
	howpublished = {\url{http://www.uleth.ca/information-technology/resources/policies}},
	OPTmonth = 		 {},
	OPTyear = 		 {},
	note =				 {accessed on 9-sep-2019},
	OPTannote = 	 {}
}

@Misc{law-canada,
	key =					 {hill},
	OPTauthor =			 {},
	title =				 {Computer Privacy and Security: Lawful and Unlawful Access},
	howpublished = {\url{https://hillnotes.ca/2016/03/10/computer-privacy-and-security-lawful-and-unlawful-access/}},
	month =				 {March},
	year =				 {2016},
	note =				 {Library of Parlament of Canada, Hill Notes},
	OPTannote = 	 {}
}

@Misc{law-us,
	key =					 {national},
	author =			 {National Conference of State Legislatures},
	title =				 {Computer Crime Statutes},
	howpublished = {\url{http://www.ncsl.org/research/telecommunications-and-information-technology/computer-hacking-and-unauthorized-access-laws.aspx}},
	OPTmonth = 		 {},
	OPTyear = 		 {},
	note =				 {accessed on 9-sep-2019},
	OPTannote = 	 {}
}

